<?xml version='1.0' encoding='UTF-8'?>
<record xmlns="http://www.loc.gov/MARC21/slim">
  <leader>03677cam a2200505 a 4500</leader>
  <controlfield tag="001">2841356</controlfield>
  <controlfield tag="003">NjP</controlfield>
  <controlfield tag="005">20171020174025.0</controlfield>
  <controlfield tag="008">000301s1876    mr            000 0 ara d</controlfield>
  <datafield tag="024" ind1="7" ind2=" ">
    <subfield code="a">princeton_aco001693</subfield>
    <subfield code="2">local</subfield>
  </datafield>
  <datafield ind1=" " ind2=" " tag="035">
    <subfield code="a">(OCoLC)ocn178196062</subfield>
  </datafield>
  <datafield ind1=" " ind2=" " tag="035">
    <subfield code="a">(OCoLC)178196062</subfield>
  </datafield>
  <datafield ind1=" " ind2=" " tag="035">
    <subfield code="9">CNS4523TS</subfield>
  </datafield>
  <datafield ind1=" " ind2=" " tag="035">
    <subfield code="a">(NjP)2841356</subfield>
  </datafield>
  <datafield ind1=" " ind2=" " tag="040">
    <subfield code="a">NjP</subfield>
    <subfield code="c">PUL</subfield>
    <subfield code="d">PUL</subfield>
  </datafield>
  <datafield ind1=" " ind2=" " tag="049">
    <subfield code="a">PULL</subfield>
  </datafield>
  <datafield ind1=" " ind2=" " tag="079">
    <subfield code="a">ocm78082211</subfield>
  </datafield>
  <datafield ind1="1" ind2=" " tag="100">
    <subfield code="6">880-01</subfield>
    <subfield code="a">Binnīs, Muḥammad ibn Aḥmad,</subfield>
    <subfield code="d">ca. 1747-1798 or 9.</subfield>
    <subfield code="0">http://id.loc.gov/authorities/names/n86801414</subfield>
  </datafield>
  <datafield ind1="1" ind2="0" tag="240">
    <subfield code="6">880-02</subfield>
    <subfield code="a">Bahjat al-baṣar fī sharḥ farāʼiḍ al-Mukhtaṣar</subfield>
  </datafield>
  <datafield ind1="1" ind2="0" tag="245">
    <subfield code="6">880-03</subfield>
    <subfield code="a">Hādhā Sharḥ al-Imām al-ʻālim al-ʻallāmah al-humām Abū ʻAbd Allāh Sayyid Muḥammad ibn Aḥmad Binnīs ʻalá farāʼiḍ al-durar al-musammá bi-al-Mukhtaṣar taʼlīf al-Imām al-qudwah al-jalīl Sayyidī Abī al-Mawāddah ... Khalīl. Wa-bi-hāmish li-hādhā Sharḥ al-ḥafīl Ḥāshiyat al-Shaykh al-ʻālim al-jalīl ... Abī ʻAbd Allāh Sayyid Muḥammad al-Madanī Kannūn.</subfield>
  </datafield>
  <datafield ind1="3" ind2="0" tag="246">
    <subfield code="6">880-04</subfield>
    <subfield code="a">Sharḥ al-Imām al-ʻālim al-ʻallāmah al-humām Abū ʻAbd Allāh Sayyid Muḥammad ibn Aḥmad Binnīs ʻalá farāʼiḍ al-durar al-musammá bi-al-Mukhtaṣar ...</subfield>
  </datafield>
  <datafield ind1="3" ind2="0" tag="246">
    <subfield code="6">880-05</subfield>
    <subfield code="a">Sharḥ Binnīs ʻalá Mukhtaṣar Khalīl</subfield>
  </datafield>
  <datafield ind1=" " ind2=" " tag="260">
    <subfield code="6">880-06</subfield>
    <subfield code="a">[Morocco :</subfield>
    <subfield code="c">s.n.],</subfield>
    <subfield code="c">1293 [1876]</subfield>
  </datafield>
  <datafield ind1=" " ind2=" " tag="300">
    <subfield code="a">1 v. (various pagings) ;</subfield>
    <subfield code="c">23 cm.</subfield>
  </datafield>
  <datafield ind1="0" ind2="0" tag="600">
    <subfield code="6">880-07</subfield>
    <subfield code="a">Khalīl ibn Isḥāq al-Jundī,</subfield>
    <subfield code="d">-1365?</subfield>
    <subfield code="t">Mukhtaṣar.</subfield>
  </datafield>
  <datafield ind1=" " ind2="0" tag="650">
    <subfield code="a">Islamic law</subfield>
    <subfield code="x">Interpretation and construction</subfield>
    <subfield code="x">Early works to 1800.</subfield>
    <subfield code="0">http://id.loc.gov/authorities/subjects/sh2008104962</subfield>
  </datafield>
  <datafield ind1="1" ind2="0" tag="600">
    <subfield code="6">880-08</subfield>
    <subfield code="a">Binnīs, Muḥammad ibn Aḥmad,</subfield>
    <subfield code="d">ca. 1747-1798 or 9.</subfield>
    <subfield code="t">Bahjat al-baṣar fī sharḥ farāʼiḍ al-Mukhtaṣar.</subfield>
  </datafield>
  <datafield ind1=" " ind2="7" tag="655">
    <subfield code="a">Lithographs</subfield>
    <subfield code="z">Morocco</subfield>
    <subfield code="y">1876</subfield>
    <subfield code="2">gmgpc</subfield>
  </datafield>
  <datafield ind1="1" ind2="2" tag="700">
    <subfield code="6">880-09</subfield>
    <subfield code="a">Ibn al-Madanī Jannūn, Muḥammad,</subfield>
    <subfield code="d">-1884 or 1885.</subfield>
    <subfield code="t">Ḥāshiyah ʻalá Bahjat al-baṣar.</subfield>
    <subfield code="0">http://id.loc.gov/authorities/names/nr93000262</subfield>
  </datafield>
  <datafield ind1="0" ind2=" " tag="740">
    <subfield code="6">880-10</subfield>
    <subfield code="a">Ḥāshiyah ʻalá Bahjat al-baṣar.</subfield>
  </datafield>
  <datafield ind1="1" ind2=" " tag="880">
    <subfield code="6">100-01/r</subfield>
    <subfield code="a">بنيس، محمد بن احمد،</subfield>
    <subfield code="d">. 1747-1798 or 9.</subfield>
  </datafield>
  <datafield ind1="1" ind2="0" tag="880">
    <subfield code="6">240-02/r</subfield>
    <subfield code="a">بهجة البصر في شرح فرائض المختصر</subfield>
  </datafield>
  <datafield ind1="1" ind2="0" tag="880">
    <subfield code="6">245-03/r</subfield>
    <subfield code="a">هذا شرح الامام العالم العلامة الهمام ابو عبد الله سيد محمد بن احمد بنيس على فرائض الدرر المسمى بالمختصر تأليف الامام القدوة الجليل سيدي ابي الموادة ... خليل. وبهامش لهذه شرح الحفيل حاشية الشيخ العالم الجليل ... ابي عبد الله سيد محمد المدني كنون.</subfield>
  </datafield>
  <datafield ind1="3" ind2="0" tag="880">
    <subfield code="6">246-04/r</subfield>
    <subfield code="a">شرح الامام العالم العلامة الهمام ابو عبد الله سيد محمد بن احمد بنيس على فرائض الدرر المسمى بالمختصر ...</subfield>
  </datafield>
  <datafield ind1="3" ind2="0" tag="880">
    <subfield code="6">246-05/r</subfield>
    <subfield code="a">شرح بنيس على مختصر خليل</subfield>
  </datafield>
  <datafield ind1=" " ind2=" " tag="880">
    <subfield code="6">260-06/r</subfield>
    <subfield code="a">[مغرب :</subfield>
    <subfield code="c">س.ن.]،</subfield>
    <subfield code="c">1293 [1876]</subfield>
  </datafield>
  <datafield ind1="0" ind2="4" tag="880">
    <subfield code="6">600-07/r</subfield>
    <subfield code="a">خليل بن اسحاق الجندي،</subfield>
    <subfield code="d">-1365?</subfield>
    <subfield code="t">مختصر.</subfield>
  </datafield>
  <datafield ind1="1" ind2="0" tag="880">
    <subfield code="6">600-08/r</subfield>
    <subfield code="a">بنيس، محمد بن احمد،</subfield>
    <subfield code="d">. 1747-1798 or 9.</subfield>
    <subfield code="t">بهجة البصر في شرح فرائض المختصر.</subfield>
  </datafield>
  <datafield ind1="1" ind2="2" tag="880">
    <subfield code="6">700-09/r</subfield>
    <subfield code="a">ابن المدني جنون، محمد،</subfield>
    <subfield code="d">-1884 or 1885.</subfield>
    <subfield code="t">حاشية على بهجة البصر.</subfield>
  </datafield>
  <datafield ind1="0" ind2=" " tag="880">
    <subfield code="6">740-10/r</subfield>
    <subfield code="a">حاشية على بهجة البصر.</subfield>
  </datafield>
  <datafield ind1="4" ind2=" " tag="856">
    <subfield code="u">http://hdl.handle.net/2027/njp.32101035012556</subfield>
  </datafield>
  <datafield ind1=" " ind2=" " tag="948">
    <subfield code="a">jeb</subfield>
  </datafield>
  <datafield ind1=" " ind2=" " tag="911">
    <subfield code="a">20000301</subfield>
  </datafield>
  <datafield ind1=" " ind2=" " tag="912">
    <subfield code="a">20000301053515.0</subfield>
  </datafield>
  <datafield ind1=" " ind2=" " tag="994">
    <subfield code="a">C0</subfield>
    <subfield code="b">PUL</subfield>
  </datafield>
  <datafield ind1=" " ind2=" " tag="999">
    <subfield code="a">2841356</subfield>
  </datafield>
  <datafield ind1="0" ind2="0" tag="852">
    <subfield code="0">3154029</subfield>
    <subfield code="b">nec</subfield>
    <subfield code="t">1</subfield>
    <subfield code="h">KBP320.K43</subfield>
    <subfield code="i">A36 1876</subfield>
  </datafield>
  <datafield ind1="8" ind2=" " tag="852">
    <subfield code="0">8753340</subfield>
    <subfield code="b">elf1</subfield>
    <subfield code="h">Electronic Resource</subfield>
  </datafield>
  <datafield ind1=" " ind2=" " tag="959">
    <subfield code="a">2000-06-08 00:00:00 -0500</subfield>
  </datafield>
</record>
